@online{gpsgov,
    title = "GPS: the Global Positioning System",
    url = "https://www.gps.gov/",
    urldate = "2018-11-04",
}
@online{TimeAndNavigation,
    title = "The Untold Story of Getting from Here to There | Time and Navigation",
    url = "http://timeandnavigation.si.edu/",
    urldate = "2018-11-04",
}
